@book{Matthes-2019,
  title = {Python Crash Course: {{A}} Hands-on, Project-Based Introduction to Programming},
  shorttitle = {Python Crash Course},
  author = {Matthes, Eric},
  date = {2019},
  edition = {2nd edition},
  publisher = {No Starch Press},
  location = {San Francisco, CA},
  isbn = {978-1-59327-928-8},
  pagetotal = {506},
  keywords = {Object-oriented programming (Computer science),Python (Computer program language)},
  file = {/home/saul/Documents/Articulos_y_Libros/Book/Matthes-2019.pdf},
  timestamp = {2023-05-26}
}

@book{McKinney-2022,
  title = {Python for Data Analysis: Data Wrangling with Pandas, {{NumPy}}, and {{Jupyter}}},
  shorttitle = {Python for Data Analysis},
  author = {McKinney, Wes},
  date = {2022},
  edition = {Third edition},
  publisher = {O'Reilly},
  location = {Beijing},
  abstract = {"Get the definitive handbook for manipulating, processing, cleaning, and crunching datasets in Python. Updated for Python 3.9 and pandas 1.2, the third edition of this hands-on guide is packed with practical case studies that show you how to solve a broad set of data analysis problems effectively. You'll learn the latest versions of pandas, NumPy, and Jupyter in the process. It's ideal for analysts new to Python and for Python programmers new to data science and scientific computing." --},
  isbn = {978-1-0981-0403-0},
  pagetotal = {561},
  keywords = {Data mining,Exploration de donnees (Informatique),Programming languages (Electronic computers),Python (Computer program language),Python (Langage de programmation)},
  annotation = {OCLC: on1338676391},
  file = {/home/saul/Documents/Articulos_y_Libros/Book/McKinney-2022.pdf},
  timestamp = {2025-01-12}
}

@book{Nelli-2023,
  title = {Python {{Data Analytics}}: {{With Pandas}}, {{NumPy}}, and {{Matplotlib}}},
  shorttitle = {Python {{Data Analytics}}},
  author = {Nelli, Fabio},
  date = {2023},
  publisher = {Apress},
  location = {Berkeley, CA},
  doi = {10.1007/978-1-4842-9532-8},
  url = {https://link.springer.com/10.1007/978-1-4842-9532-8},
  urldate = {2025-08-06},
  isbn = {978-1-4842-9531-1},
  langid = {english},
  file = {/home/saul/Documents/Articulos_y_Libros/Book/Nelli-2023.pdf},
  timestamp = {2025-08-06}
}
